@misc{shichao,
      author={Shichao An},
      title={Memory {Addressing} -- {Shichao's Notes}},
      url={https://notes.shichao.io/utlk/ch2/},
      journal={Shichao's Notes}
}
